% use `texdoc biblatex` to get help
@www{zjuthesisrules,
    title = {浙江大学本科生毕业论文（设计）编写规则},
    author = {浙江大学本科生院},
    year = {2018},
    url = {http://bksy.zju.edu.cn/attachments/2018-01/01-1517384518-1149149.pdf},
}
@www{tikz,
    title = {tikz宏包},
    author = {Till Tantau},
    year = {2018},
    url = {https://sourceforge.net/projects/pgf/},
}
@www{zjuthesis,
    title = {浙江大学毕业设计/论文模板},
    author = {王子轩},
    year = {2019},
    url = {https://github.com/TheNetAdmin/zjuthesis},
}
@www{zjugradthesisrules,
    title = {浙江大学研究生学位论文编写规则},
    author = {浙江大学研究生院},
    year = {2008},
    url = {http://grs.zju.edu.cn/redir.php?catalog_id=10038&object_id=12877},
}

@article{kulshrestha2013invertase,
  title={Invertase and its applications--a brief review},
  author={Kulshrestha, Samarth and Tyagi, Prasidhi and Sindhi, Vinita and Yadavilli, Kameshwar Sharma},
  journal={Journal of Pharmacy Research},
  volume={7},
  number={9},
  pages={792--797},
  year={2013},
  publisher={Elsevier}
}

@article{gascon1968comparative,
  title={Comparative study of the properties of the purified internal and external invertases from yeast},
  author={Gascon, S and Neumann, NP and Lampen, J Oliver},
  journal={Journal of Biological Chemistry},
  volume={243},
  number={7},
  pages={1573--1577},
  year={1968},
  publisher={Elsevier}
}

@article{shall1971mechanism,
  title={The mechanism of action of yeast invertase.},
  author={Shall, S and WAHEED, A Baseer A},
  journal={Biochemical Journal},
  volume={122},
  number={1},
  pages={19P},
  year={1971},
  publisher={Portland Press Ltd}
}

@article{pang2019structural,
  title={Structural properties, production, and commercialisation of Invertase},
  author={Pang, Wei Cheng and Ramli, Aizi Nor Mazila and Johari, Nur Dini},
  journal={Sains Malaysiana},
  volume={48},
  number={3},
  pages={523--531},
  year={2019}
}

@book{nelson2021lehninger,
  title={Lehninger Principles of Biochemistry},
  author={Nelson, D.L. and Cox, M.M. and Hoskins, A.A.},
  isbn={9781319228002},
  lccn={2020942138},
  year={2021},
  publisher={Macmillan Learning}
}